<record><leader>00000cas a2200000 a 4500</leader><controlfield tag="001">14289366</controlfield><controlfield tag="008">861001d19501972ksudr ne      0    0eng d</controlfield><controlfield tag="009">3789</controlfield><datafield ind1=" " ind2=" " tag="010"><subfield code="a">sn 86064036 </subfield></datafield><datafield ind1=" " ind2=" " tag="040"><subfield code="a">KSH</subfield><subfield code="b">eng</subfield><subfield code="c">KSH</subfield><subfield code="d">NPT</subfield><subfield code="d">DLC</subfield><subfield code="d">NSD</subfield><subfield code="d">DLC</subfield><subfield code="d">OCL</subfield></datafield><datafield ind1=" " ind2=" " tag="042"><subfield code="a">msc</subfield></datafield><datafield ind1="0" ind2="0" tag="050"><subfield code="a">Newspaper 7814</subfield></datafield><datafield ind1="0" ind2=" " tag="130"><subfield code="a">Great Bend daily tribune (Great Bend, Kan. : 1950)</subfield></datafield><datafield ind1="0" ind2="4" tag="245"><subfield code="a">The Great Bend daily tribune.</subfield></datafield><datafield ind1="0" ind2="0" tag="246"><subfield code="a">Great Bend Sunday tribune</subfield></datafield><datafield ind1=" " ind2=" " tag="260"><subfield code="a">Great Bend, Kan. :</subfield><subfield code="b">Tribune Pub. Co.,</subfield><subfield code="c">1950-1972.</subfield></datafield><datafield ind1=" " ind2=" " tag="300"><subfield code="a">24 v. :</subfield><subfield code="b">ill. ;</subfield><subfield code="c">57 cm.</subfield></datafield><datafield ind1=" " ind2=" " tag="310"><subfield code="a">Daily</subfield></datafield><datafield ind1="0" ind2=" " tag="362"><subfield code="a">Vol. 74, no. 131 (Jan. 19, 1950)-v. 97, no. 10 (Aug. 23, 1972).</subfield></datafield><datafield ind1=" " ind2=" " tag="500"><subfield code="a">Sunday edition called: Great Bend Sunday tribune.</subfield></datafield><datafield ind1=" " ind2=" " tag="500"><subfield code="a">Vol. 85, no. 229 called also Kansas Centennial ed.</subfield></datafield><datafield ind1=" " ind2=" " tag="500"><subfield code="a">"Independent Republican."</subfield></datafield><datafield ind1=" " ind2=" " tag="752"><subfield code="a">United States</subfield><subfield code="b">Kansas</subfield><subfield code="c">Barton</subfield><subfield code="d">Great Bend.</subfield></datafield><datafield ind1="0" ind2="0" tag="780"><subfield code="t">Great Bend tribune (Great Bend, Kan. : 1925)</subfield><subfield code="w">(DLC)sn 84027596</subfield></datafield><datafield ind1="0" ind2="5" tag="780"><subfield code="t">Western Kansas press</subfield><subfield code="g">Sept. 1968</subfield><subfield code="w">(DLC)sn 830340173</subfield></datafield><datafield ind1="0" ind2="0" tag="785"><subfield code="t">Great Bend tribune (Great Bend, Kan. : 1972)</subfield><subfield code="x">0891-7078</subfield><subfield code="w">(DLC)sn 86064037</subfield></datafield></record>